@article{baibao,
    title={Gần 20\% dân số nước ta mắc bệnh tim mạch},
    journal={Báo điện từ VTV news},
    year={2018}
}

@article{huongdanDTT,
    author={Giáo sư Đỗ Trần Trinh},
    title={Hướng dẫn đọc điện tim},
    year={11/01/2014}
}

@article{bgdtd,
    author={BS-CK1 Trần Thanh Tuấn},
    title={Bài giảng điện tâm đồ đơn giản}
}

@misc{tldt,
    title={The ECG leads: electrodes, limb leads, chest(precordial) leads, 12 leads ECG (EKG) },
    howpublished={\url{https://ecgwaves.com/ekg-ecg-leads-electrodes-systems-limb-chest-precordial/}}
}

@misc{ecggiay,
    title={How to read an ECG},
    howpublished={\url{https://ptreviewer.com/electrocardiogram-ecg-2/reading-an-ecg/}}
}

@misc{chuyendao,
    title={12-Lead ECG Placement Guide with Illustrations},
    howpublished={\url{https://www.cablesandsensors.eu/pages/12-lead-ecg-placement-guide-with-illustrations}}
}

@misc{classify,
    title={Classification of ECG signals using machine learning techniques: A survey},
    howpublished={\url{Researchgate.net}}
}

@misc{uic,
    title={UCI machine learning Repository: Arrhythmia Data Set},
    howpublished={\url{https://archive.ics.uci.edu/ml/datasets/arrhythmia}}
}

@misc{mit,
    title={MIT-BIH Arrhythmia Database},
    howpublished={\url{http://physionet.ecuore.org/physiobank/database/mitdb/}}
}

@misc{dit,
    title={DIT Bioelectromagnetism},
    howpublished={\url{https://bioelectromagnetism.wordpress.com/2012/11/28/data-from-ecg-recording-in-todays-class/}}
}

@misc{ni,
    title={National Instrument},
    howpublished={\url{https://forums.ni.com/t5/LabVIEW/need-sample-ecg-signals/td-p/704440}}
}

@misc{imagedata,
    title={ECG Library IMAGE Database},
    howpublished={\url{https://lifeinthefastlane.com/table/ecg-database/}}
}

@article{1,
author={R. Kavitha, T Christopher},
title={A Study on ECG Signal Classification Techniques},
journal={International Journal of Computer Applications (0975 – 8887)},
year={2014},
volume={86},
pages={230--236},
note={14},
}


@article{realtimeQRS,
    author={Pan and J. and Tompkins and W. J.},
    title={A real-time QRS detection algorithm},
    journal={IEEE Trans. Biomed. Eng},
    year={1985},
    volume={32},
    pages={230--236},
}

@article{concho,
    author={Hu and Tompkins and Urrusti and Afonso},
    title={Applications of artificial neural networks for ECG signal detection and classification},
    journal={Electro cardiology},
    year={1993},
    volume={26},
    pages={66--73},
}

@article{4, 
    author={Xiaomin and Xu. and Ying and Liu},
    title={ECG QRS Complex Detection Using Slope Vector Waveform (SVW) Algorithm},
    journal={Proceedings of the26th Annual International Conference of the IEEE EMBS},
    year={2004},
    pages={3597--3600}
}

@article{5,
    author={Okada, M},
    title={A digital filter for the QRS complex detection},
    journal={IEEE Trans. Biomed. Eng.},
    year={1979},
    volume={BME-26},
    pages={702--703}
}

@article{6,
    author={Afonso and V. X. and Tompkins and W. J},
    title={ECG Beat Detection Using Filter Banks},
    journal={IEEE Trans. Biomed. Eng.},
    year={1999},
    volume={46},
    pages={192--202}
}

@article{7,
    author={Dinh, HAN., Kumar, DK., Pah, ND and Burton, P},
    title={Wavelets for QRS detection},
    journal={in Proc. 23rd IEEE EMBS Int. Conf},
    year={2001},
    pages={1883--1887}
}

@article{8,
    author={Martinez, J.P and Olmos, S},
    title={Methodological principles of T wave alternans analysis: A unified framework},
    journal={IEEE Trans. Biomed. Eng.},
    year={2004},
    volume={52},
    pages={599--613},
    note={4}
}

@article{9,
    author={Kyrkos A. and Giakoumakis and E.A and Carayannis, G},
    title={QRS Detection through Time Recursive Prediction Technique, Signal Processing},
    year={1998},
    pages={429--436}
}

@article{10,
    author={Jaipupan and Tompkins and W},
    title={A Real-Time QRS Detection Algorithm},
    journal={IEEE Transaction on Biomedical Engineering},
    year={1985},
    note={3},
}

@article{11,
    author={Rajendra Acharya U. and Subbanna Bhat P. and Iyengar S.S and Ashok Rao and Sumeet Dua},
    title={Classification of heart rate data using artificial neural network and fuzzy equivalence relation},
    journal={Pattern Recognition 36 (2003)},
    year={2003},
    pages={61--68},
}

@article{12,
    author={Alexakis C. and Nyongesa HO. and Saatchi R. and Harris ND. and Davies C. and Emery C. and Ireland RH and Heller SR},
    title={Feature Extraction and Classification of Electrocardiogram (ECG) Signals Related to Hypoglycemia},
    journal={Conference on computers in Cardiology, IEEE},
    year={2003},
    pages={537--540}
}

@article{13,
    author={Foo SY and Stuart and G},
    title={Neural network-based ECG pattern recognition, Engineering Applications of Artificial Intelligence},
    journal={Conference on computers in Cardiology, IEEE},
    year={2003},
    pages={253--260},
}

@article{14,
    author={Ceylan R and Ozbay Y},
    title={Comparison of FCM, PCA and WT techniques for classification ECG arrhythmias using artificial neural network, Expert Systems with Applications},
    year={2007},
    pages={286--295},
}

@article{rnn,
    author={Shraddha Singha and Saroj Kumar Pandeyb and Urja Pawarc and Rekh Ram Jangheld},
    title={Classification of ECG Arrhythmia using Recurrent Neural Networks},
    year={2018},
    journal={ICCIDS 2018},
}

@article{pantompkin,
    author={JIAPU PAN AND WILLIS J. TOMPKINS},
    title={A Real-Time QRS Detection Algorithm},
    journal={IEEE},
    year={March 1985}
}

@book{mlcb,
    author={Vũ Hữu Tiệp},
    title={Machine Learning cơ bản},
    subtitle={Thu giảm chiều dữ liệu},
    year={2018},
}

@misc{rnn-basic,
    author={Denny Britz},
    title={Recurrent Neural Networks Tutorial},
    howpublished={\url{http://www.wildml.com/2015/09/recurrent-neural-networks-tutorial-part-1-introduction-to-rnns/}}
}

@misc{auto,
    title={Autoencoder},
    howpublished={\url{https://en.wikipedia.org/wiki/Autoencoder}}
}

@article{64,
    author={Smith T., Pinnock C., and Lin T.},
    title={Fundamentals of Anaesthesia 4th Edition Cambridge University Press},
    journal={ISBN 9781107612389},
    year={2009}
}

@article{67,
    author={Massagram W., Hafner N., Chen M., Macchiarulo L., Lubecke V., and Lubecke O.-B.},
    title={Digitial Heart-Rate Variability Parameter Monitoring and Assessment ASIC},
    journal={IEEE Transactions on Biomedical Circuits and Systems},
    year={2010},
    vol={4},
    pages={19-26}
}

@misc{68,
    author={Bhola V. and Sanivarapu V.R. and Garipipati S.V.},
    title={Digital Heart Rate Variability Monitoring System},
    howpublished={\url{http://www.ece.utah.edu/~kstevens/6712/heart-rate-monitor.pdf}}
}

@article{mohinhchinh,
    author={Trần Thanh Duy},
    title={Xây dựng mô hình phân loại tín hiệu điện tâm đồ thu thập từ thiết bị IoT chuyên dụng sử dụng học sâu},
}

@article{ketluanlstm,
    author={Saroj Kumar Pandey and Dr. Rekh Ram Janghel},
    title={ECG Arrhythmia Classification Using Artificial
    Neural Networks}
    journal={Procedia Computer Science}
    year={January 2018}
}